<?xml version="1.0" encoding="UTF-8"?>
<SOAP-ENV:Envelope xmlns:SOAP-ENV="http://schemas.xmlsoap.org/soap/envelope/" xmlns:of="http://oss.dbc.dk/ns/openformat" xmlns:ofo="http://oss.dbc.dk/ns/openformatoutput"><SOAP-ENV:Body><of:formatResponse><marc:record xmlns:marc="http://www.loc.gov/MARC21/slim"><leader>00000njc a22000000c 4500</leader><controlfield tag="001">870970:24143627</controlfield><controlfield tag="003">DKDLA</controlfield><controlfield tag="005">20050824034812.0</controlfield><controlfield tag="007">s|||||||||||||</controlfield><controlfield tag="008">020625s2002    xx |||||||||||||||||eng||</controlfield><datafield ind1=" " ind2="4" tag="245"><subfield code="a">The rough guide to the music of the Appalachians :</subfield><subfield code="b">mountain music - bluegrass, old-time, folk &amp; gospel</subfield></datafield><datafield ind1=" " ind2=" " tag="260"><subfield code="b">World Music Network,</subfield><subfield code="c">p 2002</subfield></datafield><datafield ind1=" " ind2=" " tag="300"><subfield code="a">1 cd</subfield></datafield><datafield ind1="1" ind2=" " tag="700"><subfield code="a">Rosenberg, Dan</subfield></datafield><datafield ind1="1" ind2=" " tag="700"><subfield code="a">Blake, Nancy</subfield></datafield><datafield ind1="0" ind2=" " tag="710"><subfield code="a">The Clinch Mountain Boys</subfield></datafield></marc:record></of:formatResponse></SOAP-ENV:Body></SOAP-ENV:Envelope>
